@book{Estrada2000,
	title = {História da matemática},
	author = {
		Estrada, {Maria Fernanda} and
		Sá, {Carlos Correia de} and
		Queiró, {João Filipe} and
		Silva, {Maria do Céu} and
		Costa, {Maria José}
	},
	publisher = {Universidade Aberta},
	uri = {http://hdl.handle.net/10400.2/10668},
	isbn = {978-972-674-504-4},
	year = {2000},
	url = {https://repositorioaberto.uab.pt/handle/10400.2/10668}
}
